@article{pelwing2008sementes,
  title={Sementes crioulas: o estado da arte no Rio Grande do Sul},
  author={Pelwing, Andr{\'e}ia Becker and Frank, L{\'u}cia Brand{\~a}o and Barros, Ingrid I},
  journal={Revista de Economia e Sociologia Rural},
  volume={46},
  number={2},
  pages={391--420},
  year={2008},
  publisher={SciELO Brasil}
}

@book{sommerville,
    author   = "Ian Sommerville",
    title   = "Engenharia de Software 6º Edição",
    year    = "2003",
    OPTpages = {•},
    publisher = "Pearson Prentice Hall",
    address   = "São Paulo, Brasil"
}
@book{sommerville2009,
    author   = "Ian Sommerville",
    title   = "Engenharia de Software 9º Edição",
    year    = "2011",
    publisher = "Pearson Prentice Hall",
    address   = "São Paulo, Brasil"
}
@article{caldiera1994goal,
  title={Goal question metric paradigm},
  author={Caldiera, Victor R Basili-Gianluigi and Rombach, H Dieter},
  journal={Encyclopedia of Software Engineering},
  volume={1},
  pages={528--532},
  year={1994}
}

@MISC{astah,
author = {Astah},
title = {Astah * Professional Overview},
month = jan,
year = {2016},
howpublished={\url{http://astah.net/editions/professional/}}
}
@MISC{balsamiq,
author = {Balsamiq},
title = {Balsamiq Mockups},
month = jan,
year = {2016},
howpublished={\url{<http://balsamiq.com/products/
mockups/}}
}
